<record><leader>00000cas a22000007a 4500</leader><controlfield tag="001">11287061</controlfield><controlfield tag="008">841019d18761879ohudn ne      0    0eng d</controlfield><datafield ind1=" " ind2=" " tag="010"><subfield code="a">sn 84028651 </subfield></datafield><datafield ind1=" " ind2=" " tag="040"><subfield code="a">NPY</subfield><subfield code="b">eng</subfield><subfield code="c">NPY</subfield><subfield code="d">ONP</subfield><subfield code="d">OCLCQ</subfield></datafield><datafield ind1=" " ind2=" " tag="042"><subfield code="a">msc</subfield></datafield><datafield ind1="0" ind2=" " tag="130"><subfield code="a">Daily Ohio statesman (Columbus, Ohio : 1876)</subfield></datafield><datafield ind1="1" ind2="4" tag="245"><subfield code="a">The Daily Ohio statesman.</subfield></datafield><datafield ind1=" " ind2=" " tag="260"><subfield code="a">Columbus, O. [Ohio :</subfield><subfield code="b">J.F. Linton]</subfield></datafield><datafield ind1=" " ind2=" " tag="300"><subfield code="a">v. :</subfield><subfield code="b">ill. (chiefly advertisements) ;</subfield><subfield code="c">62 cm.</subfield></datafield><datafield ind1=" " ind2=" " tag="310"><subfield code="a">Daily (except Sun.)</subfield></datafield><datafield ind1="1" ind2=" " tag="362"><subfield code="a">Began with Sept. 11, 1876 issue; ceased with July 16, 1879 issue.</subfield><subfield code="z">Cf. Gutgesell, S. Guide to Ohio newspapers, 1974.</subfield></datafield><datafield ind1=" " ind2=" " tag="580"><subfield code="a">Weekly ed.: Ohio statesman (Columbus, Ohio : 1873).</subfield></datafield><datafield ind1=" " ind2=" " tag="588"><subfield code="a">Description based on: No. 13 (Sept. 25, 1876).</subfield></datafield><datafield ind1=" " ind2=" " tag="752"><subfield code="a">United States</subfield><subfield code="b">Ohio</subfield><subfield code="c">Franklin</subfield><subfield code="d">Columbus.</subfield></datafield><datafield ind1="1" ind2=" " tag="775"><subfield code="t">Ohio statesman (Columbus, Ohio : 1873)</subfield><subfield code="w">(DLC)sn 88077826</subfield></datafield><datafield ind1="0" ind2="7" tag="785"><subfield code="t">Columbus Democrat (Columbus, Ohio : 1878 : Daily)</subfield><subfield code="w">(DLC)sn 84028652</subfield></datafield><datafield ind1="0" ind2="7" tag="785"><subfield code="t">Columbus Democrat and Ohio statesman</subfield><subfield code="w">(DLC)sn 88077804</subfield></datafield></record>